<?xml version="1.0" encoding="UTF-8"?><collection xmlns="http://www.loc.gov/MARC21/slim"><record><leader>00498nam--2200193-i-4500</leader><controlfield tag="001">000018993</controlfield><controlfield tag="002">20161230</controlfield><controlfield tag="005">20161230201033</controlfield><controlfield tag="008">060222s1000------------r-----000-0-eng-d</controlfield><datafield ind1=" " ind2=" " tag="040"><subfield code="a">IFIN-HH</subfield></datafield><datafield ind1=" " ind2=" " tag="080"><subfield code="a">53</subfield></datafield><datafield ind1="1" ind2=" " tag="100"><subfield code="a">Condon, E.U</subfield></datafield><datafield ind1="1" ind2="0" tag="245"><subfield code="a">Handbook of physics</subfield><subfield code="c">E.u. condon, hugh odishaw</subfield></datafield><datafield ind1=" " ind2=" " tag="250"><subfield code="a">Second Edition</subfield></datafield><datafield ind1=" " ind2=" " tag="260"><subfield code="a">New York</subfield><subfield code="b">Mcgraw-hill Book Co</subfield><subfield code="c">1967</subfield></datafield><datafield ind1=" " ind2=" " tag="300"><subfield code="a">XXIX + /P.DIF./ +64 P</subfield></datafield><datafield ind1="1" ind2=" " tag="700"><subfield code="a">Odishaw, Hugh</subfield></datafield><datafield ind1=" " ind2=" " tag="852"><subfield code="a">21301</subfield><subfield code="c">53</subfield></datafield><datafield ind1=" " ind2=" " tag="CAT"><subfield code="a">Sys</subfield><subfield code="c">20150218</subfield><subfield code="h">100800</subfield></datafield></record></collection>